@article{motwani2024secret,
  title={Secret Collusion among Generative AI Agents: Multi-Agent Deception via Steganography},
  author={Motwani, Sumeet Ramesh and Baranchuk, Mikhail and Strohmeier, Martin and Bolina, Vijay and Torr, Philip HS and Hammond, Lewis and de Witt, Christian Schroeder},
  journal={arXiv preprint arXiv:2402.07510},
  year={2024}
}
@inproceedings{
witt2023perfectly,
title={Perfectly Secure Steganography Using Minimum Entropy Coupling},
author={Christian Schroeder de Witt and Samuel Sokota and J Zico Kolter and Jakob Nicolaus Foerster and Martin Strohmeier},
booktitle={The Eleventh International Conference on Learning Representations },
year={2023},
url={https://openreview.net/forum?id=HQ67mj5rJdR}
}
@inproceedings{
jenner2024gentle,
title={A Gentle Introduction to Mechanistic Anomaly Detection},
author={Erik Jenner},
booktitle={LessWrong},
year={2024},
url={https://www.lesswrong.com/posts/n7DFwtJvCzkuKmtbG/a-gentle-introduction-to-mechanistic-anomaly-detection}
}
@article{mallen2023eliciting,
  title={Eliciting latent knowledge from quirky language models},
  author={Mallen, Alex and Brumley, Madeline and Kharchenko, Julia and Belrose, Nora},
  journal={arXiv preprint arXiv:2312.01037},
  year={2023}
}